@manual{definition,
	title = "Security and Fault-tolerance in Distributed Systems", 
	author = "Christian Cachin",
	organization = "IBM Research - Zurich",
	year = "2012"}
	
@misc{protobufDef,
	title = {Protocol Buffers},
	howpublished = {\url{https://developers.google.com/protocol-buffers/}},
	note = {Accessed: 2016-12-27}}
	
@misc{protobufDefi,
	title = {Protocol Buffers Guideline}, 
	howpublished = {\url{https://developers.google.com/protocol-buffers/docs/overview}},
	note = {Accessed: 2016-12-27}}

@misc{protobufjs,
	title = {protobuf.js},
	howpublished = {\url{https://github.com/dcodeIO/protobuf.js}},
	note = {Accessed: 2016-12-27}}

@misc{websocketPage,
	title = {Websocket object},
	howpublished = {\url{https://developer.mozilla.org/en-US/docs/Web/API/WebSocket}},
	note = {Accessed: 2016-12-27}}

@misc{yieldExpression,
	title = {The Basics Of ES6 Generators},
	howpublished = {\url{https://davidwalsh.name/es6-generators}},
	note = {Accessed: 2016-12-27}}

@misc{runGenerator,
	title = {Going Async with ES6 Generators},
	howpublished = {\url{https://davidwalsh.name/async-generators}},
	note = {Accessed: 2016-12-28}}

@misc{promise,
	title = {Promise},
	howpublished = {\url{https://developer.mozilla.org/fr/docs/Web/JavaScript/Reference/Objets_globaux/Promise}},
	note = {Accessed: 2016-12-28}}

@misc{ecmaPromise,
	title = {25. Promises for asynchronous programming},
	howpublished = {\url{http://exploringjs.com/es6/ch_promises.html}},
	note = {Accessed: 2016-12-28}}

@misc{googlePromise, 
	title = {JavaScript Promises: an Introduction},
	howpublished = {\url{https://developers.google.com/web/fundamentals/getting-started/primers/promises}},
	note = {Accessed: 2016-12-28}}

@misc{wikiSchnorr,
	title = {Schnorr Signature},
	howpublished = {\url{https://en.wikipedia.org/wiki/Schnorr_signature}},
	note = {Accessed: 2016-12-29}}

@misc{edDSA,
	title = {edDSA and Ed25519 draft-josefsson-eddsa-ed25519-02}
	howpublished = {\url{https://tools.ietf.org/html/draft-josefsson-eddsa-ed25519-02#page-6}},
	note = {Accessed: 2016-12-29}}

@misc{ed25519,
	title = {Ed25519: high-speed high-security signatures},
	howpublished = {\url{https://ed25519.cr.yp.to}},
	note = {Accessed: 2016-12-29}}

@misc{bootstrap,
	title = {Bootstrap Framework},
	howpublished = {\url{http://getbootstrap.com}},
	note = {Accessed: 2016-12-31}}

@misc{ArrayBuffer,
	title = {ArrayBuffer},
	howpublished = {\url{https://developer.mozilla.org/en-US/docs/Web/JavaScript/Reference/Global_Objects/ArrayBuffer}},
	note = {Accessed: 2016-12-31}}

@misc{jsnacl,
	title = {js-nacl},
	howpublished = {\url{https://github.com/tonyg/js-nacl}},
	note = {Accessed: 2016-12-31}}

@misc{nail,
	title = {nacl},
	howpublished = {\url{http://nacl.cr.yp.to}},
	note = {Accessed: 2016-12-31}}